@INPROCEEDINGS{oatley+crick_asonam2014,
  author =       {Giles Oatley and Tom Crick},
  title =        {{Measuring UK Crime Gangs}},
  booktitle =    {{Proceedings of IEEE/ACM International Conference on Advances in Social Networks Analysis and Mining (ASONAM)}},
  year =         {2014}
}

@INPROCEEDINGS{oatley+crick_fosintsi2014,
  author =       {Giles Oatley and Tom Crick},
  title =        {{Exploring UK Crime Networks}},
  booktitle =    {{Proceedings of International Symposium on Foundations of Open Source Intelligence and Security Informatics (FOSINT-SI)}},
  year =         {2014}
}

@INPROCEEDINGS{oatley+crick-gisruk2015,
  author =       {Giles Oatley and Tom Crick and Ray Howell},
  title =        {{Data Exploration with GIS Viewsheds and Social Network Analysis}},
  booktitle =    {{Proceedings of 23rd GIS Research UK Conference (GISRUK 2015)}},
  year =         {2015}
}

@INPROCEEDINGS{oatley-et-al-soccogcomp2015,
  author =       {Giles Oatley and Tom Crick and Mohamed Mostafa},
  title =        {{Digital Footprints: Envisaging and Analysing Online Behaviour}},
  booktitle =    {{Proceedings of 2015 Symposium on Social Aspects of Cognition and Computing Symposium (SSAISB)}},
  year =         {2015}
}

@InCollection{mostafa-et-al-ai2016,
  author = 	 {Mohammed Mostafa and Tom Crick and Ana C. Calderon and Giles Oatley},
  title = 	 {{Incorporating Emotion and Personality-Based Analysis in User-Centered Modelling}},
  booktitle = 	 {{Research and Development in Intelligent Systems XXXIII}},
  publisher =    {Springer},
  year = 	 {2016}
}

@InCollection{oatley+crick:2014,
  author = 	 {Giles Oatley and Tom Crick},
  title = 	 {{Changing Faces: Identifying Complex Behavioural Profiles}},
  booktitle = 	 {{Human Aspects of Information Security, Privacy and Trust}},
  publisher =    {Springer},
  year = 	 {2014},
  volume = 	 {8533},
  series = 	 {{Lecture Notes in Computer Science}},
  pages = 	 {282--293}
}

@ARTICLE{oatley+crick:2015,
  author =       {Giles Oatley and Tom Crick},
  title =        {{Measuring UK Crime Gangs: A Social Network Problem}},
  journal =      {{Social Network Analysis and Mining}},
  eid =          {33},
  volume = 	 {5},
  number = 	 {1},
  year =         {2015},
  publisher =    {Springer}
}

@InCollection{blamey-et-al-2012,
  author = 	 {Benjamin Blamey and Tom Crick and Giles Oatley},
  title = 	 {{R U :-) or :-( ? Character- vs. Word-Gram Feature Selection for Sentiment Classification of OSN Corpora}},
  booktitle = 	 {{Research and Development in Intelligent Systems XXIX}},
  publisher =    {Springer},
  year = 	 {2012},
  pages = 	 {207--212}
}

@InCollection{blamey-et-al-2013,
  author = 	 {Benjamin Blamey and Tom Crick and Giles Oatley},
  title = 	 {{`The First Day of Summer': Parsing Temporal Expressions with Distributed Semantics}},
  booktitle = 	 {{Research and Development in Intelligent Systems XXX}},
  publisher =    {Springer},
  year = 	 {2013},
  pages = 	 {389-402}
}

@Article{lotan-et-al:2011,
  author = 	 {Gilad Lotan and Erhardt Graeff and Mike Ananny and Devin Gaffney and Ian Pearce and Danah Boyd},
  title = 	 {{The Revolutions Were Tweeted: Information Flows during the 2011 Tunisian and Egyptian Revolutions}},
  journal = 	 {{International Journal of Communication}},
  year = 	 {2011},
  volume = 	 {5},
  pages = 	 {1375-1405}
}

@Unpublished{howard-et-al:2011,
  author = 	 {Philip N. Howard and Aiden Duffy and Deen Freelon and Muzammil M. Hussain and Will Mari and Marwa Maziad},
  title = 	 {{Opening Closed Regimes: What Was the Role of Social Media During the Arab Spring?}},
  note = 	 {available at: \url{http://dx.doi.org/10.2139/ssrn.2595096}},
  year = 	 {2011}
}

@Article{wolfsfeld-et-al:2013,
  author = 	 {Gadi Wolfsfeld and Elad Segev and Tamir Sheafer},
  title = 	 {{Social Media and the Arab Spring: Politics Comes First}},
  journal = 	 {{The International Journal of Press/Politics}},
  year = 	 {2013},
  volume = 	 {18},
  number = 	 {2},
  pages = 	 {115-137}
}

@Article{comunello+anzera:2012,
  author = 	 {Francesca Comunello and Giuseppe Anzera},
  title = 	 {{Will the revolution be tweeted? A conceptual framework for understanding the social media and the Arab Spring}},
  journal = 	 {{Islam and Christian-Muslim Relations}},
  year = 	 {2012},
  volume = 	 {23},
  number = 	 {4},
  pages = 	 {453-470}
}

@InProceedings{tumasjan-et-al:2010,
  author = 	 {Andranik Tumasjan and Timm O. Sprenger and Philipp G. Sandner and Isabell M. Welpe},
  title = 	 {{Predicting Elections with Twitter: What 140 Characters Reveal about Political Sentiment}},
  booktitle = {{Proceedings of the 4th International AAAI Conference on Web and Social Media (ICWSM)}},
  year = 	 {2010}
}

@Article{gerber:2014,
  author = 	 {Matthew S. Gerber},
  title = 	 {{Predicting crime using Twitter and kernel density estimation}},
  journal = 	 {{Decision Support Systems}},
  year = 	 {2014},
  volume = 	 {61},
  pages = 	 {115-125}
}

@Article{zhang-et-al:2011,
  author = 	 {Xue Zhang and Hauke Fuehres and Peter A. Gloor},
  title = 	 {{Predicting Stock Market Indicators Through Twitter ``I hope it is not as bad as I fear''}},
  journal = 	 {{Procedia -- Social and Behavioral Sciences}},
  year = 	 {2011},
  volume = 	 {26},
  pages = 	 {55-62}
}

@Article{cha-et-al:2012,
  author = 	 {Meeyoung Cha and Fabr\'{i}cio Benevenuto and Hamed Haddadi and Krishna Gummadi},
  title = 	 {{The World of Connections and Information Flow in Twitter}},
  journal = 	 {{IEEE Transactions on Systems, Man, and Cybernetics}},
  year = 	 {2012},
  volume = 	 {42},
  number = 	 {4},
  pages = 	 {991-998}
}

@Article{zhang-et-al:2016,
  author = 	 {Jian-Xiong Zhang and Duan-Bing Chen and Qiang Dong and Zhi-Dan Zhao},
  title = 	 {{Identifying a set of influential spreaders in complex networks}},
  journal = 	 {{Scientific Reports}},
  year = 	 {2016},
  volume = 	 {6},
  number = 	 {27823}
}

@Article{borge-holthoefer-et-al:2012,
  author = 	 {Javier Borge-Holthoefer and Alejandro Rivero and Yamir Moreno},
  title = 	 {{Locating privileged spreaders on an online social network}},
  journal = 	 {{Physical Review E}},
  year = 	 {2012},
  volume = 	 {85},
  number = 	 {066123}
}

@Article{willis-et-al:2015,
  author = 	 {Alistair Willis and Ali Fisher and Ilia Lvov},
  title = 	 {{Mapping networks of influence: tracking Twitter conversations through time and space}},
  journal = 	 {{Participations: Journal of Audience \& Reception Studies}},
  year = 	 {2015},
  volume = 	 {12},
  number = 	 {1},
  pages = 	 {494-530}
}

@InProceedings{morstatter-et-al:2013,
  author = 	 {Fred Morstatter and J\"{u}rgen Pfeffer and Huan Liu and Kathleen M. Carley},
  title = 	 {{Is the Sample Good Enough? Comparing Data from Twitter’s Streaming API with Twitter’s Firehose}},
  booktitle = {{Proceedings of the 7th International AAAI Conference on Web and Social Media (ICWSM)}},
  year = 	 {2013},
  pages =        {400-408}
}

@InProceedings{kang-et-al:2013,
  author = 	 {Ruogu Kang and Stephanie Brown and Sara Kiesler},
  title = 	 {{Why do people seek anonymity on the internet?: informing policy and design}},
  booktitle = {{Proceedings of the SIGCHI Conference on Human Factors in Computing Systems}},
  year = 	 {2013},
  pages = 	 {2657-2666}
}

@Book{kumar-et-al:2014,
  author = 	 {Shamanth Kumar and Fred Morstatter and Huan Liu},
  title = 	 {{Twitter Data Analytics}},
  publisher = 	 {Springer},
  year = 	 {2014}
}

@INPROCEEDINGS{tan-et-al:2013,
  author =       {Li Tan and Suma Ponnam and Patrick Gillham and Bob Edwards and Erik Johnson},
  title =        {{Analyzing the impact of social media on social movements: A computational study on Twitter and the Occupy Wall Street movement}},
  booktitle =    {{Proceedings of IEEE/ACM International Conference on Advances in Social Networks Analysis and Mining (ASONAM)}},
  year =         {2013}
}

@Article{graham-et-al:2014,
  author = 	 {Mark Graham and Scott A. Hale and Devin Gaffney},
  title = 	 {{Where in the World Are You? Geolocation and Language Identification in Twitter}},
  journal = 	 {{The Professional Geographer}},
  year = 	 {2014},
  volume = 	 {66},
  number = 	 {4},
  pages = 	 {568-578}
}

@Misc{baltimorewiki:2015,
  author = 	 {Wikipedia},
  title = 	 {{2015 Baltimore protests}},
  howpublished = {\url{https://en.wikipedia.org/wiki/2015_Baltimore_protests}},
  year = 	 {2015},
  note = 	 {(accessed 2016-08-14)}
}

@Article{caverlee-et-al:2013,
  author = 	 {James Caverlee and Zhiyuan Cheng and Daniel Z. Sui and Krishna {Yeswanth Kamath}},
  title = 	 {{Towards Geo-Social Intelligence: Mining, Analyzing, and Leveraging Geospatial Footprints in Social Media}},
  journal = 	 {{IEEE Data Engineering Bulletin}},
  year = 	 {2013},
  volume = 	 {36},
  number = 	 {3},
  pages = 	 {33--41},
  annote = 	 {{Special Issue on Social Media and Data Analysis}}
}

@InProceedings{cheng-et-al:2010,
  author = 	 {Z. Cheng and J. Caverlee and K. Lee},
  title = 	 {{You Are Where You Tweet: A Content-Based Approach to Geo-locating Twitter Users}},
  booktitle =    {{Proceedings of the 19th ACM Conference on Information and Knowledge Management (CIKM'10)}},
  year = 	 {2010},
  pages = 	 {759--768},
  publisher =    {{ACM Press}}
}

@InProceedings{liang-et-al:2013,
  author = 	 {Yuan Liang and James Caverlee and Zhiyuan Cheng and Krishna Y. Kamath},
  title = 	 {{How big is the crowd?: event and location based population modeling in social media}},
  booktitle = {{Proceedings of the 24th ACM Conference on Hypertext and Social Media (HT'13)}},
  year = 	 {2013},
  pages = 	 {99-108}
}

@Article{burnap-et-al:2015,
  author = 	 {Peter Burnap and Omer Rana and Matthew Williams and William Housley and Adam Edwards and Jeffrey Morgan and Luke Sloan and Javier Conejero},
  title = 	 {{COSMOS: Towards an integrated and scalable service for analysing social media on demand}},
  journal = 	 {{International Journal of Parallel, Emergent and Distributed Systems}},
  year = 	 {2015},
  volume = 	 {30},
  number = 	 {2},
  pages = 	 {80--100}
}

@Article{lazer-et-al:2009,
  author = 	 {David Lazer and Alex Pentland and Lada Adamic and Sinan Aral and Albert-L\'{a}szl\'{o} Barab\'{a}si and Devon Brewer and Nicholas Christakis and Noshir Contractor and James Fowler and Myron Gutmann and Tony Jebara and Gary King and Michael Macy and Deb Roy and Marshall {Van Alstyne}},
  title = 	 {{Computational Social Science}},
  journal = 	 {{Science}},
  year = 	 {2009},
  volume = 	 {323},
  number = 	 {5915},
  pages = 	 {721-723},
}

@TechReport{postsm:2014,
  author = 	 {{UK Parliamentary Office of Science and Technology}},
  title = 	 {{Social Media and Big Data}},
  number = 	 {Report 460},
  year = 	 {2014},
  month = 	 {March}
}

@Article{schwartz-et-al:2013,
  author = 	 {H. Andrew Schwartz and Johannes C. Eichstaedt and Margaret L. Kern and Lukasz Dziurzynski and Stephanie M. Ramones and Megha Agrawal and Achal Shah and Michal Kosinski and David Stillwell and Martin E. P. Seligman and Lyle H. Ungar},
  title = 	 {{Personality, Gender, and Age in the Language of Social Media: The Open-Vocabulary Approach}},
  journal = 	 {{PLoS ONE}},
  year = 	 {2013},
  volume = 	 {8},
  number = 	 {9}
}

@Article{lambiotte+kosinski:2014,
  author = 	 {Renaud Lambiotte and Michal Kosinski},
  title = 	 {{Tracking the Digital Footprints of Personality}},
  journal = 	 {{Proceedings of the IEEE}},
  year = 	 {2014},
  volume = 	 {102},
  number = 	 {12},
  pages = 	 {1934--1939}
}

@Article{sloan-et-al:2013,
  author = 	 {Luke Sloan and Jeffrey Morgan and William Housley and Matthew L. Williams and Adam Edwards and Pete Burnap and Omer F. Rana},
  title = 	 {{Knowing the Tweeters: Deriving Sociologically Relevant Demographics from Twitter}},
  journal = 	 {{Sociological Research Online}},
  year = 	 {2013},
  volume = 	 {18},
  number = 	 {3}
}

@Article{procter-et-al:2013,
  author = 	 {Rob Procter and Jeremy Crump and Susanne Karstedt and Alex Voss and Marta Cantijoch},
  title = 	 {{Reading the riots: what were the police doing on Twitter?}},
  journal = 	 {{Policing and Society}},
  year = 	 {2013},
  volume = 	 {23},
  number = 	 {4},
  pages = 	 {413-436},
  OPTnote = 	 {{Special Issue on Policing Cybercrime: Networked and Social Media Technologies and the Challenges for Policing}}
}

@Article{burnap-et-al:2014,
  author = 	 {Pete Burnap and Matthew L. Williams and Luke Sloan and Omer F. Rana and William Housley and Adam Edwards and Vincent Knight and Rob Procter and Alex Voss},
  title = 	 {{Tweeting the terror: modelling the social media reaction to the Woolwich terrorist attack}},
  journal = 	 {{Social Network Analysis and Mining}},
  year = 	 {2014},
  volume = 	 {4},
  number = 	 {1}
}

@Article{rombach-et-al:2014,
  author = 	 {{M. Puck} Rombach and Mason A. Porter and James H. Fowler and Peter J. Mucha},
  title = 	 {{Core-Periphery Structure in Networks}},
  journal = 	 {{SIAM Journal on Applied Mathematics}},
  year = 	 {2014},
  volume = 	 {74},
  number = 	 {1},
  pages = 	 {167--190}
}

@Article{borgatti+everett:2000,
  author = 	 {Stephen P. Borgatti and Martin G. Everett},
  title = 	 {Models of core/periphery structures},
  journal = 	 {{Social Networks}},
  year = 	 {2000},
  volume = 	 {21},
  number = 	 {4},
  pages = 	 {375--395}
}

@Article{liu-et-al:2014,
  author = 	 {Wei Liu and Matteo Pellegrini and Xiaofan Wang},
  title = 	 {{Detecting Communities Based on Network Topology}},
  journal = 	 {{Scientific Reports}},
  year = 	 {2014},
  volume = 	 {4},
  number = 	 {5739}
}

@InProceedings{hong-et-al:2011,
  author = 	 {Lichan Hong and Gregorio Convertino and Ed H. Chi},
  title = 	 {{Language Matters In Twitter: A Large Scale Study}},
  booktitle = {{Proceedings of the 5th International AAAI Conference on Web and Social Media (ICWSM)}},
  year = 	 {2011}
}

@InProceedings{kulshrestha-et-al:2012,
  author = 	 {Juhi Kulshrestha and Farshad Kooti and Ashkan Nikravesh and Krishna P. Gummadi},
  title = 	 {{Geographic Dissection of the Twitter Network}},
  booktitle = {{Proceedings of the 6th International AAAI Conference on Web and Social Media (ICWSM)}},
  year = 	 {2012}
}

@Article{takhteyev-et-al:2012,
  author = 	 {Yuri Takhteyev and Anatoliy Gruzd and Barry Wellman},
  title = 	 {{Geography of Twitter networks}},
  journal = 	 {{Social Networks}},
  year = 	 {2012},
  volume = 	 {34},
  number = 	 {1},
  pages = 	 {73-81}
}

@Article{bruns-et-al:2013,
  author = 	 {Axel Bruns and Tim Highfield and Jean Burgess},
  title = 	 {{The Arab Spring and Social Media Audiences: English and Arabic Twitter Users and Their Networks}},
  journal = 	 {{American Behavioral Scientist}},
  year = 	 {2013},
  volume = 	 {57},
  number = 	 {7},
  pages = 	 {871-898}
}

@Book{zappavigna+martin:2012,
  author = 	 {Michele Zappavigna and J. R. Martin},
  title = 	 {{Discourse of Twitter and Social Media: How We Use Language to Create Affiliation on the Web}},
  publisher = 	 {Continnuum},
  year = 	 {2012}
}

@InProceedings{cunha-et-al:2011,
  author = 	 {Evandro Cunha and Gabriel Magno and Giovanni Comarela and Virgilio Almeida and {Marcos Andr\'{e}} Gon\c{c}alves and Fabr\'{i}cio Benevenuto},
  title = 	 {{Analyzing the dynamic evolution of hashtags on Twitter: a language-based approach}},
  booktitle = {{Proceedings of the Workshop on Languages in Social Media (LM'11)}},
  year = 	 {2011},
  pages = 	 {58-65}
}

@Book{gj+uj:2013,
  editor = 	 {{Elin Haf} {Gruffydd Jones} and Enrique Uribe-Jongbloed},
  title = 	 {{Social Media and Minority Languages: Convergence and the Creative Industries}},
  publisher = 	 {Multilingual Matters Ltd},
  year = 	 {2013}
}

@Article{ginsburgh+noury:2008,
  author = 	 {Victor Ginsburgh and Abdul G. Noury},
  title = 	 {{The Eurovision Song Contest. Is voting political or cultural?}},
  journal = 	 {{European Journal of Political Economy}},
  year = 	 {2008},
  volume = 	 {24},
  number = 	 {1},
  pages = 	 {41-52}
}

@Book{ginsburgh+weber:2011,
  author = 	 {Victor Gisnburgh and Shlomo Weber},
  title = 	 {{How Many Languages Do We Need? The Economics of Linguistic Diversity}},
  publisher = 	 {{Princeton University Press}},
  year = 	 {2011}
}

@Misc{telegrapheuroboycott:2016,
  author = 	 {{The Telegraph}},
  title = 	 {{Eurovision 2016: Furious Russia demands boycott of Ukraine over Jamala's 'anti-Kremlin' song}},
  howpublished = {\url{http://www.telegraph.co.uk/news/2016/05/15/eurovision-2016-furious-russia-demands-boycott-of-ukraine-over-j}},
  month = 	 {May},
  year = 	 {2016},
  note = 	 {(accessed 2016-10-28)},
}

@Misc{telegrapheurobias:2016,
  author = 	 {Ashley Kirk and Jack Kempster and Stefano Franco},
  title = 	 {{Eurovision 2016: How does country bias affect the result?}},
  howpublished = {\url{http://www.telegraph.co.uk/music/news/eurovision-2016-how-country-bias-affects-the-result}},
  month = 	 {May},
  year = 	 {2016},
  note = 	 {(accessed 2016-10-28)},
}

@Article{blangiardo+baio:2014,
  author = 	 {Marta Blangiardo and Gianluca Baio},
  title = 	 {{Evidence of bias in the Eurovision song contest: modelling the votes using Bayesian hierarchical models}},
  journal = 	 {{Journal of Applied Statistics}},
  year = 	 {2014},
  volume = 	 {41},
  number = 	 {10},
  pages = 	 {2312--2322}
}

@Article{charron:2013,
  author = 	 {Nicholas Charron},
  title = 	 {{Impartiality, friendship-networks and voting behavior: Evidence from voting patterns in the Eurovision Song Contest}},
  journal = 	 {{Social Networks}},
  year = 	 {2013},
  volume = 	 {35},
  number = 	 {3},
  pages = 	 {484--497}
}

@Article{budzinski+pannicke:2016,
  author = 	 {Oliver Budzinski and Julia Pannicke},
  title = 	 {{Culturally biased voting in the Eurovision Song Contest: Do national contests differ?}},
  journal = 	 {{Journal of Cultural Economics}},
  year = 	 {2016},
  pages = 	 {1--36}
}

@InProceedings{garimella-et-al:2016,
  author = 	 {Kiran Garimella and Gianmarco {De Francisci Morales} and Aristides Gionis and Michael Mathioudakis},
  title = 	 {{Quantifying Controversy in Social Media}},
  booktitle = {{Proceedings of the 9th ACM International Conference on Web Search and Data Mining (WSDM'16)}},
  year = 	 {2016},
  pages = 	 {33-42}
}

