@INPROCEEDINGS{oatley+crick_asonam2014,
  author =       {Giles Oatley and Tom Crick},
  title =        {{Measuring UK Crime Gangs}},
  booktitle =    {{Proceedings of 2014 IEEE/ACM International Conference on Advances in Social Networks Analysis and Mining (ASONAM 2014)}},
  year =         {2014},
  publisher =    {IEEE}
}

@INPROCEEDINGS{oatley+crick_fosintsi2014,
  author =       {Giles Oatley and Tom Crick},
  title =        {{Exploring UK Crime Networks}},
  booktitle =    {{Proceedings of 2014 International Symposium on Foundations of Open Source Intelligence and Security Informatics (FOSINT-SI 2014)}},
  year =         {2014},
  publisher =    {IEEE}
}

@INPROCEEDINGS{oatley+crick-gisruk2015,
  author =       {Giles Oatley and Tom Crick and Ray Howell},
  title =        {{Data Exploration with GIS Viewsheds and Social Network Analysis}},
  booktitle =    {{Proceedings of 23rd GIS Research UK Conference (GISRUK 2015)}},
  year =         {2015}
}

@ARTICLE{oatley+crick:2015,
  author =       {Giles Oatley and Tom Crick},
  title =        {{Measuring UK Crime Gangs: A Social Network Problem}},
  journal =      {{Social Network Analysis and Mining}},
  eid =          {33},
  volume = 	 {5},
  number = 	 {1},
  year =         {2015},
  publisher =    {Springer}
}