@INPROCEEDINGS{oatley+crick_asonam2014,
  author =       {Giles Oatley and Tom Crick},
  title =        {{Measuring UK Crime Gangs}},
  booktitle =    {{Proceedings of 2014 IEEE/ACM International Conference on Advances in Social Networks Analysis and Mining (ASONAM 2014)}},
  year =         {2014},
  publisher =    {IEEE}
}

@INPROCEEDINGS{oatley+crick_fosintsi2014,
  author =       {Giles Oatley and Tom Crick},
  title =        {{Exploring UK Crime Networks}},
  booktitle =    {{Proceedings of International Symposium on Foundations of Open Source Intelligence and Security Informatics (FOSINT-SI)}},
  year =         {2014},
  publisher =    {IEEE}
}

@INPROCEEDINGS{oatley+crick-gisruk2015,
  author =       {Giles Oatley and Tom Crick and Ray Howell},
  title =        {{Data Exploration with GIS Viewsheds and Social Network Analysis}},
  booktitle =    {{Proceedings of 23rd GIS Research UK Conference (GISRUK 2015)}},
  year =         {2015}
}

@INPROCEEDINGS{oatley-et-al-soccogcomp2015,
  author =       {Giles Oatley and Tom Crick and Mohamed Mostafa},
  title =        {{Digital Footprints: Envisaging and Analysing Online Behaviour}},
  booktitle =    {{Proceedings of 2015 Symposium on Social Aspects of Cognition and Computing Symposium (SSAISB)}},
  year =         {2015}
}

@InCollection{oatley+crick:2014,
  author = 	 {Giles Oatley and Tom Crick},
  title = 	 {{Changing Faces: Identifying Complex Behavioural Profiles}},
  booktitle = 	 {{Human Aspects of Information Security, Privacy and Trust}},
  publisher =    {Springer},
  year = 	 {2014},
  volume = 	 {8533},
  series = 	 {{Lecture Notes in Computer Science}},
  pages = 	 {282--293}
}

@ARTICLE{oatley+crick:2015,
  author =       {Giles Oatley and Tom Crick},
  title =        {{Measuring UK Crime Gangs: A Social Network Problem}},
  journal =      {{Social Network Analysis and Mining}},
  eid =          {33},
  volume = 	 {5},
  number = 	 {1},
  year =         {2015},
  publisher =    {Springer}
}

@InCollection{blamey-et-al-2012,
  author = 	 {Benjamin Blamey and Tom Crick and Giles Oatley},
  title = 	 {{R U :-) or :-( ? Character- vs. Word-Gram Feature Selection for Sentiment Classification of OSN Corpora}},
  booktitle = 	 {{Research and Development in Intelligent Systems XXIX}},
  publisher =    {Springer},
  year = 	 {2012},
  pages = 	 {207--212}
}

@InCollection{blamey-et-al-2013,
  author = 	 {Benjamin Blamey and Tom Crick and Giles Oatley},
  title = 	 {{`The First Day of Summer': Parsing Temporal Expressions with Distributed Semantics}},
  booktitle = 	 {{Research and Development in Intelligent Systems XXX}},
  publisher =    {Springer},
  year = 	 {2013},
  pages = 	 {389-402}
}

@Article{lotan-et-al:2011,
  author = 	 {Gilad Lotan and Erhardt Graeff and Mike Ananny and Devin Gaffney and Ian Pearce and Danah Boyd},
  title = 	 {{The Revolutions Were Tweeted: Information Flows during the 2011 Tunisian and Egyptian Revolutions}},
  journal = 	 {{International Journal of Communication}},
  year = 	 {2011},
  volume = 	 {5},
  pages = 	 {1375-1405}
}

@Unpublished{howard-et-al:2011,
  author = 	 {Philip N. Howard and Aiden Duffy and Deen Freelon and Muzammil M. Hussain and Will Mari and Marwa Maziad},
  title = 	 {{Opening Closed Regimes: What Was the Role of Social Media During the Arab Spring?}},
  note = 	 {available at: \url{http://dx.doi.org/10.2139/ssrn.2595096}},
  year = 	 {2011}
}

@Article{wolfsfeld-et-al:2013,
  author = 	 {Gadi Wolfsfeld and Elad Segev and Tamir Sheafer},
  title = 	 {{Social Media and the Arab Spring: Politics Comes First}},
  journal = 	 {{The International Journal of Press/Politics}},
  year = 	 {2013},
  volume = 	 {18},
  number = 	 {2},
  pages = 	 {115-137}
}

@Article{comunello+anzera:2012,
  author = 	 {Francesca Comunello and Giuseppe Anzera},
  title = 	 {{Will the revolution be tweeted? A conceptual framework for understanding the social media and the Arab Spring}},
  journal = 	 {{Islam and Christian-Muslim Relations}},
  year = 	 {2012},
  volume = 	 {23},
  number = 	 {4},
  pages = 	 {453-470}
}

@InProceedings{tumasjan-et-al:2010,
  author = 	 {Andranik Tumasjan and Timm O. Sprenger and Philipp G. Sandner and Isabell M. Welpe},
  title = 	 {{Predicting Elections with Twitter: What 140 Characters Reveal about Political Sentiment}},
  booktitle = {{Proceedings of the 4th International AAAI Conference on Web and Social Media (ICWSM)}},
  year = 	 {2010}
}

@Article{gerber:2014,
  author = 	 {Matthew S. Gerber},
  title = 	 {{Predicting crime using Twitter and kernel density estimation}},
  journal = 	 {{Decision Support Systems}},
  year = 	 {2014},
  volume = 	 {61},
  pages = 	 {115-125}
}

@Article{zhang-et-al:2011,
  author = 	 {Xue Zhang and Hauke Fuehres and Peter A. Gloor},
  title = 	 {{Predicting Stock Market Indicators Through Twitter ``I hope it is not as bad as I fear''}},
  journal = 	 {{Procedia -- Social and Behavioral Sciences}},
  year = 	 {2011},
  volume = 	 {26},
  pages = 	 {55-62}
}

@Article{cha-et-al:2012,
  author = 	 {Meeyoung Cha and Fabr\'{i}cio Benevenuto and Hamed Haddadi and Krishna Gummadi},
  title = 	 {{The World of Connections and Information Flow in Twitter}},
  journal = 	 {{IEEE Transactions on Systems, Man, and Cybernetics}},
  year = 	 {2012},
  volume = 	 {42},
  number = 	 {4},
  pages = 	 {991-998}
}

@Article{zhang-et-al:2016,
  author = 	 {Jian-Xiong Zhang and Duan-Bing Chen and Qiang Dong and Zhi-Dan Zhao},
  title = 	 {{Identifying a set of influential spreaders in complex networks}},
  journal = 	 {{Scientific Reports}},
  year = 	 {2016},
  volume = 	 {6},
  number = 	 {27823}
}

@Article{borge-holthoefer-et-al:2012,
  author = 	 {Javier Borge-Holthoefer and Alejandro Rivero and Yamir Moreno},
  title = 	 {{Locating privileged spreaders on an online social network}},
  journal = 	 {{Physical Review E}},
  year = 	 {2012},
  volume = 	 {85},
  number = 	 {066123}
}

@Article{willis-et-al:2015,
  author = 	 {Alistair Willis and Ali Fisher and Ilia Lvov},
  title = 	 {{Mapping networks of influence: tracking Twitter conversations through time and space}},
  journal = 	 {{Participations: Journal of Audience \& Reception Studies}},
  year = 	 {2015},
  volume = 	 {12},
  number = 	 {1},
  pages = 	 {494-530}
}

@InProceedings{morstatter-et-al:2013,
  author = 	 {Fred Morstatter and J\"{u}rgen Pfeffer and Huan Liu and Kathleen M. Carley},
  title = 	 {{Is the Sample Good Enough? Comparing Data from Twitter’s Streaming API with Twitter’s Firehose}},
  booktitle = {{Proceedings of the 7th International AAAI Conference on Web and Social Media (ICWSM)}},
  year = 	 {2013},
  pages =        {400-408}
}

@InProceedings{kang-et-al:2013,
  author = 	 {Ruogu Kang and Stephanie Brown and Sara Kiesler},
  title = 	 {{Why do people seek anonymity on the internet?: informing policy and design}},
  booktitle = {{Proceedings of the SIGCHI Conference on Human Factors in Computing Systems}},
  year = 	 {2013},
  pages = 	 {2657-2666}
}

